@article{wiegand2019WHO,
  title={WHO and ITU establish benchmarking process for artificial intelligence in health},
  author={Wiegand, Thomas and Krishnamurthy, Ramesh and Kuglitsch, Monique and Lee, Naomi and Pujari, Sameer and Salath√©, Marcel and Wenzel, Markus and Xu, Shan},
  journal={The Lancet},
  volume={394},
  number={10192},
  pages={9--11},
  year={2019},
  publisher={Elsevier}
}
