@article{akyildiz20165g,
  title={5G roadmap: 10 key enabling technologies},
  author={Akyildiz, I. F. and Nie, S. and Lin, S. C. and Chandrasekaran, M.},
  journal={Computer Networks},
  volume={106},
  pages={17--48},
  year={2016},
  publisher={Elsevier}
}

@INPROCEEDINGS{PyattaevWiFiDirectDiscoveryLTE,
  author={A. {Pyattaev} and K. {Johnsson} and S. {Andreev} and Y. {Koucheryavy}},
  booktitle={2013 IEEE 77th Vehicular Technology Conference (VTC Spring)}, 
  title={Proximity-Based Data Offloading via Network Assisted Device-to-Device Communications}, 
  year={2013},
  volume={},
  number={},
  pages={1-5},
  doi={10.1109/VTCSpring.2013.6692723}}
  
  
@techreport{TSLTEDirect,
 author = {{3GPP}},
 institution = {{3rd Generation Partnership Project (3GPP)}},
 month = {07},
 note = {Version 16.0.0},
 number = {23.303},
 title = {{Specification Group Services and System Aspects; Proximity-based services (ProSe); Stage 2 (Release 16)}},
 type = {Technical Specification (TS)},
 url = {https://portal.3gpp.org/desktopmodules/Specifications/SpecificationDetails.aspx?specificationId=840},
 year = {2020}
}
@article{ChiumentoSINR,
author = {Chiumento, A. and Bennis, M. and Desset, C. and Van Der Perre, E. and Pollin, S.},
year = {2015},
month = {12},
pages = {},
title = {Adaptive CSI and feedback estimation in LTE and beyond: a Gaussian process regression approach},
volume = {2015},
journal = {EURASIP Journal on Wireless Communications and Networking},
doi = {10.1186/s13638-015-0388-0}
}
@techreport{36843,
 author = {{3GPP}},
 institution = {{3rd Generation Partnership Project (3GPP)}},
 month = {03},
 note = {Version 12.0.1},
 number = {TR36.843},
 title = {{Study on LTE Device to Device Proximity Services; Radio Aspects (Release 12)}},
 type = {Technical Report (TR)},
 year = {2014}
}
@online{Ericssonforecast,
    author = {{Möller, R.}},
    title = {{Ericsson Mobility Report}},
    url  = {https://www.ericsson.com/4adc87/assets/local/mobility-report/documents/2020/november-2020-ericsson-mobility-report.pdf},
    addendum = {accessed: 02.02.2021},

}
@techreport{36877,
 author = {{3GPP}},
 institution = {{3rd Generation Partnership Project (3GPP)}},
 month = {03},
 note = {Version 12.0.0},
 number = {TR36.877},
 title = {{LTE Device to Device (D2D) Proximity Services (ProSe); 
User Equipment (UE) radio transmission and reception
(Release 12)
}},
 type = {Technical Report (TR)},
 year = {2015}
}

@misc{ZipfDist,
  Author = {He, H.},
  Institution = {Standford University},
  Howpublished = {University Lecture},
  Url={https://statweb.stanford.edu/~owen/courses/306a/ZipfByHera.pdf},
  Year = {2016},
  Title = {Zipf’s law and friends
}
}
@article{BerardinelliOFDMAvsSCFDMA,
author = {Berardinelli, G. and Temino, L.A. and Frattasi, S. and Rahman, M. and Mogensen, P.},
year = {2008},
month = {11},
pages = {64 - 72},
title = {OFDMA vs. SC-FDMA: performance comparison in local area imt-a scenarios},
volume = {15},
journal = {Wireless Communications, IEEE},
doi = {10.1109/MWC.2008.4653134}
}


@INPROCEEDINGS{KazezMobility2019,
  author={A. C. {Kazez} and T. {Girici}},
  booktitle={2019 IEEE 30th Annual International Symposium on Personal, Indoor and Mobile Radio Communications (PIMRC)}, 
  title={Robustness of Clustered D2D Cache Placement Against Mobility}, 
  year={2019},
  volume={},
  number={},
  pages={1-5},
  doi={10.1109/PIMRC.2019.8904161}}
  
  
@article{KyostiWinner,
author = {Kyösti, P. and Meinilä, J. and Hentila, L. and Zhao, X. and Jämsä, T. and Schneider, C. and Narandzic, M. and Milojevic, M. and Hong, A. and Ylitalo, J. and Holappa, V.M. and Alatossava, M. and Bultitude, R.J.C. and Jong, Y. and Rautiainen, T.},
year = {2008},
month = {02},
pages = {},
title = {IST-4-027756 WINNER II D1.1.2 v1.2 WINNER II channel models},
volume = {11},
journal = {Inf. Soc. Technol}
}
@inproceedings{wuwhitepaper,
  author = {Shuanshuan, W.},
  title = {Application of D2D in 5G Networks},
  type = {White Paper},
  month = {5},
  year = {2015},
  affiliation = {ZTE},
  url = {https://www.zte.com.cn/global/about/magazine/zte-technologies/2015/3/en_684/433771.html}
}

@inproceedings{chiasserini2015content,
  title={Content wanted: A different shade of D2D communications},
  author={Chiasserini, C.F.},
  booktitle={2015 International Conference on Computing, Networking and Communications (ICNC)},
  pages={562--566},
  year={2015},
  organization={IEEE}
}


@inproceedings{asadi2013wifi,
  title={WiFi Direct and LTE D2D in action},
  author={Asadi, A. and Mancuso, V.},
  booktitle={Wireless Days (WD), 2013 IFIP},
  pages={1--8},
  year={2013},
  organization={IEEE}
}

@inproceedings{casetti2015content,
  title={Content-centric routing in Wi-Fi direct multi-group networks},
  author={Casetti, C. and Chiasserini, C. F. and Pelle, L. C. and Del Valle, C. and Duan, Y. and Giaccone, P.},
  booktitle={World of Wireless, Mobile and Multimedia Networks (WoWMoM), 2015 IEEE 16th International Symposium on a},
  pages={1--9},
  year={2015},
  organization={IEEE}
}

@article{Bastug2014LivingontheEdge,
author={Bastug, E. and Bennis, M. and Debbah, M.},
journal={IEEE Communications Magazine},
title={Living on the edge: The role of proactive caching in 5G wireless networks},
year={2014},
volume={52},
number={8},
pages={82-89},
doi={10.1109/MCOM.2014.6871674},
ISSN={0163-6804},
month={8},}

@INPROCEEDINGS{OptimalCachingPlacement,
author={Rao, J. and Feng, H. and Yang, C. and Chen, Z.  and Xia, B.},
booktitle={2016 IEEE International Conference on Communications (ICC)},
title={Optimal caching placement for D2D assisted wireless caching networks},
year={2016},
volume={},
number={},
pages={1-6},
doi={10.1109/ICC.2016.7511410},
ISSN={},
month={5},}

@INPROCEEDINGS{D2DOffloading,
author={R. Lan and W. Wang and A. Huang and H. Shan},
booktitle={2015 IEEE Global Communications Conference (GLOBECOM)},
title={Device-to-Device Offloading with Proactive Caching in Mobile Cellular Networks},
year={2015},
volume={},
number={},
pages={1-6},
doi={10.1109/GLOCOM.2015.7417337},
ISSN={},
month={12},}

@ARTICLE{MaxCellularOffload,
author={J. Jiang and S. Zhang and B. Li and B. Li},
journal={IEEE Journal on Selected Areas in Communications},
title={Maximized Cellular Traffic Offloading via Device-to-Device Content Sharing},
year={2016},
volume={34},
number={1},
pages={82-91},
doi={10.1109/JSAC.2015.2452493},
ISSN={0733-8716},
month={Jan},}


@INPROCEEDINGS{Delay1,
author={R. Amer and M. M. Butt and M. Bennis and N. Marchetti},
booktitle={GLOBECOM 2017 - 2017 IEEE Global Communications Conference},
title={Delay Analysis for Wireless D2D Caching with Inter-Cluster Cooperation},
year={2017},
volume={},
number={},
pages={1-7},
doi={10.1109/GLOCOM.2017.8254693},
ISSN={},
month={Dec},}



@ARTICLE{Delay3,
author={H. Hsu and K. C. Chen},
journal={IEEE Communications Letters},
title={A Resource Allocation Perspective on Caching to Achieve Low Latency},
year={2016},
volume={20},
number={1},
pages={145-148},
doi={10.1109/LCOMM.2015.2499193},
ISSN={1089-7798},
month={Jan},}


@INPROCEEDINGS{Stackelberg1,
author={F. Shen and K. Hamidouche and E. Bastug and M. Debbah},
booktitle={2016 IEEE Global Communications Conference (GLOBECOM)},
title={A Stackelberg Game for Incentive Proactive Caching Mechanisms in Wireless Networks},
year={2016},
volume={},
number={},
pages={1-6},
doi={10.1109/GLOCOM.2016.7841550},
ISSN={},
month={Dec},}


@INPROCEEDINGS{Chen2016Stackelberg,
author={Z. Chen and Y. Liu and B. Zhou and M. Tao},
booktitle={2016 IEEE International Conference on Communications (ICC)},
title={Caching incentive design in wireless D2D networks: A Stackelberg game approach},
year={2016},
volume={},
number={},
pages={1-6},
doi={10.1109/ICC.2016.7511284},
ISSN={},
month={May},}

@ARTICLE{Zheng2018Stackelberg,
author={Z. Zheng and L. Song and Z. Han and G. Y. Li and H. V. Poor},
journal={IEEE Transactions on Wireless Communications},
title={A Stackelberg Game Approach to Proactive Caching in Large-Scale Mobile Edge Networks},
year={2018},
volume={17},
number={8},
pages={5198-5211},
doi={10.1109/TWC.2018.2839111},
ISSN={1536-1276},
month={Aug},}


@article{ji2015throughput,
  title={The throughput-outage tradeoff of wireless one-hop caching networks},
  author={Ji, M. and Caire, G. and Molisch, A. F.},
  journal={IEEE Transactions on Information Theory},
  volume={61},
  number={12},
  pages={6833--6859},
  year={2015},
  publisher={IEEE}
}

@inproceedings{jeon2015caching,
  title={Caching in wireless multihop device-to-device networks},
  author={Jeon, Sang-Woon and Hong, Song-Nam and Ji, Mingyue and Caire, Giuseppe},
  booktitle={2015 IEEE International Conference on Communications (ICC)},
  pages={6732--6737},
  year={2015},
  organization={IEEE}
}

@INPROCEEDINGS{dist1,
author={N. Golrezaei and A. G. Dimakis and A. F. Molisch},
booktitle={2012 IEEE International Symposium on Information Theory Proceedings},
title={Wireless device-to-device communications with distributed caching},
year={2012},
volume={},
number={},
pages={2781-2785},
doi={10.1109/ISIT.2012.6284029},
ISSN={2157-8095},
month={July},}

@article{chen2017cache,
  title={Cache-enabled device-to-device communications: Offloading gain and energy cost},
  author={Chen, B. and Yang, C. and Molisch, A. F.},
  journal={IEEE Transactions on Wireless Communications},
  volume={16},
  number={7},
  pages={4519--4536},
  year={2017},
  publisher={IEEE}
}

@article{zhang2017user,
  title={User preference aware caching deployment for device-to-device caching networks},
  author={Zhang, T. and Fan, H. and Loo, J. and Liu, D.},
  journal={IEEE Systems Journal},
  volume={13},
  number={1},
  pages={226--237},
  year={2017},
  publisher={IEEE}
}

@article{lin2017extensive,
  title={Extensive cooperative caching in D2D integrated cellular networks},
  author={Lin, P. and Song, Q. and Yu, Y. and Jamalipour, A.},
  journal={IEEE Communications Letters},
  volume={21},
  number={9},
  pages={2101--2104},
  year={2017},
  publisher={IEEE}
}

@article{xu2018towards,
  title={Towards energy efficient device-to-device content dissemination in cellular networks},
  author={Xu, Y. and Jiang, S. and Wu, J.},
  journal={IEEE Access},
  volume={6},
  pages={25816--25828},
  year={2018},
  publisher={IEEE}
}

@article{sun2019cost,
  title={Cost-oriented mobility-aware caching strategies in D2D networks with delay constraint},
  author={Sun, R. and Yang, T. and Wang, A. and Qin, M. and Fei, Z. and Wang, Y.},
  journal={IEEE Access},
  volume={7},
  pages={177023--177034},
  year={2019},
  publisher={IEEE}
}

@article{sun2020delay,
  title={Delay-Oriented Caching Strategies in D2D Mobile Networks},
  author={Sun, R. and Wang, Y. and Lyu, L. and Cheng, N. and Zhang, S. and Yang, T. and Shen, X.},
  journal={IEEE Transactions on Vehicular Technology},
  volume={69},
  number={8},
  pages={8529--8541},
  year={2020},
  publisher={IEEE}
}

@article{zhang2019d2d,
  title={D2D-enabled mobile user edge caching: A multi-winner auction approach},
  author={Zhang, T. and Fang, X. and Liu, Y. and Li, G. Y. and Xu, W.},
  journal={IEEE Transactions on Vehicular Technology},
  volume={68},
  number={12},
  pages={12314--12328},
  year={2019},
  publisher={IEEE}
}

@article{lee2018caching,
  title={Caching policy and cooperation distance design for base station-assisted wireless D2D caching networks: Throughput and energy efficiency optimization and tradeoff},
  author={Lee, M.C. and Molisch, A. F.},
  journal={IEEE Transactions on Wireless Communications},
  volume={17},
  number={11},
  pages={7500--7514},
  year={2018},
  publisher={IEEE}
}

@article{amer2020optimized,
  title={Optimized caching and spectrum partitioning for D2D enabled cellular systems with clustered devices},
  author={Amer, R. and Elsawy, H. and Butt, M. M. and Jorswieck, E. A. and Bennis, M. and Marchetti, N.},
  journal={IEEE Transactions on Communications},
  volume={68},
  number={7},
  pages={4358--4374},
  year={2020},
  publisher={IEEE}
}


@article{asheralieva2020combining,
  title={Combining contract theory and Lyapunov optimization for content sharing with edge caching and device-to-device communications},
  author={Asheralieva, A. and Niyato, D.},
  journal={IEEE/ACM Transactions on Networking},
  volume={28},
  number={3},
  pages={1213--1226},
  year={2020},
  publisher={IEEE}
}



@ARTICLE{dist2,
author={K. Shanmugam and N. Golrezaei and A. G. Dimakis and A. F. Molisch and G. Caire},
journal={IEEE Transactions on Information Theory},
title={FemtoCaching: Wireless Content Delivery Through Distributed Caching Helpers},
year={2013},
volume={59},
number={12},
pages={8402-8413},
doi={10.1109/TIT.2013.2281606},
ISSN={0018-9448},
month={Dec},}

@INPROCEEDINGS{dist3,
author={N. Golrezaei and K. Shanmugam and A. G. Dimakis and A. F. Molisch and G. Caire},
booktitle={2012 IEEE International Conference on Communications (ICC)},
title={Wireless video content delivery through coded distributed caching},
year={2012},
volume={},
number={},
pages={2467-2472},
doi={10.1109/ICC.2012.6364526},
ISSN={1550-3607},
month={June},}

@article{abbasi2007survey,
  title={A survey on clustering algorithms for wireless sensor networks},
  author={Abbasi, A. A. and Younis, M.},
  journal={Computer communications},
  volume={30},
  number={14-15},
  pages={2826--2841},
  year={2007},
  publisher={Elsevier}
}

@inproceedings{biswas2013maximal,
  title={Maximal clique based clustering scheme for wireless sensor networks},
  author={Biswas, K. and Muthukkumarasamy, V. and Sithirasenan, E.},
  booktitle={Intelligent Sensors, Sensor Networks and Information Processing, 2013 IEEE Eighth International Conference on},
  pages={237--241},
  year={2013},
  organization={IEEE}
}

@incollection{bomze1999clique,
  title={The maximum clique problem},
  author={Bomze, I. M. and Budinich, M. and Pardalos, P. M. and Pelillo, M.},
  booktitle={Handbook of combinatorial optimization},
  pages={1--74},
  year={1999},
  publisher={Springer}
}

@misc{dharwadker2006clique,
  title={The clique algorithm},
  author={Dharwadker, A.},
  year={2006},
  publisher={Amazon}
}

@INPROCEEDINGS{Kazez2017Interference,
author={A. C. Kazez and T. Girici},
booktitle={2017 IEEE International Black Sea Conference on Communications and Networking (BlackSeaCom)},
title={Interference-aware distributed device-to-device caching},
year={2017},
volume={},
number={},
pages={1-5},
keywords={bandwidth allocation;cache storage;cellular radio;distributed algorithms;interference suppression;minimisation;radiofrequency interference;D2D transmission;base station cost;cache placement problem;caching content;cellular bandwidth reuse;cellular networks;device-to-device communications;distributed algorithm;interference management;interference minimization;interference-aware distributed device-to-device caching;reward maximization;user terminal;Bandwidth;Base stations;Device-to-device communication;Interference;Numerical models;Signal to noise ratio;Throughput},
doi={10.1109/BlackSeaCom.2017.8277676},
ISSN={},
month={June},}

@inproceedings{malak2017distributed,
  title={A distributed auction policy for user association in device-to-device caching networks},
  author={Malak, D. and Al-Shalash, M. and Andrews, J. G.},
  booktitle={Personal, Indoor, and Mobile Radio Communications (PIMRC), 2017 IEEE 28th Annual International Symposium on},
  pages={1--6},
  year={2017},
  organization={IEEE}
}

@article{malak2018spatially,
  title={Spatially correlated content caching for device-to-device communications},
  author={Malak, D. and Al-Shalash, M. and Andrews, J. G.},
  journal={IEEE Transactions on Wireless Communications},
  volume={17},
  number={1},
  pages={56--70},
  year={2018},
  publisher={IEEE}
}

@article{chen2017optimal,
  title={Optimal caching and scheduling for cache-enabled D2D communications},
  author={Chen, B. and Yang, C. and Xiong, Z.},
  journal={IEEE Communications Letters},
  volume={21},
  number={5},
  pages={1155--1158},
  year={2017},
  publisher={IEEE}
}

@article{maghsudi2015channel,
  title={Channel selection for network-assisted D2D communication via no-regret bandit learning with calibrated forecasting},
  author={Maghsudi, S. and Sta{\'n}czak, S.},
  journal={IEEE Transactions on Wireless Communications},
  volume={14},
  number={3},
  pages={1309--1322},
  year={2015},
  publisher={IEEE}
}

@article{asadi2017network,
  title={Network-assisted outband D2D-clustering in 5G cellular networks: theory and practice},
  author={Asadi, A. and Mancuso, V.},
  journal={IEEE Transactions on Mobile Computing},
  volume={16},
  number={8},
  pages={2246--2259},
  year={2017},
  publisher={IEEE}
}

@article{afshang2016modeling,
  title={Modeling and performance analysis of clustered device-to-device networks},
  author={Afshang, M. and Dhillon, H. S. and Chong, P. H. J.},
  journal={IEEE Transactions on Wireless Communications},
  volume={15},
  number={7},
  pages={4957--4972},
  year={2016},
  publisher={IEEE}
}

@inproceedings{afshang2015fundamentals,
  title={Fundamentals of cluster-centric content placement in device-to-device networks},
  author={Afshang, M. and Dhillon, H. and Chong, P. H. J.},
  booktitle={Globecom Workshops (GC Wkshps), 2015 IEEE},
  pages={1--6},
  year={2015},
  organization={IEEE}
}

@INPROCEEDINGS{learninguserpref,
author={B. Chen and C. Yang},
booktitle={2017 IEEE 85th Vehicular Technology Conference (VTC Spring)},
title={Caching Policy Optimization for D2D Communications by Learning User Preference},
year={2017},
volume={},
number={},
pages={1-6},
doi={10.1109/VTCSpring.2017.8108572},
ISSN={},
month={June},}

@ARTICLE{ChannelAlloc,
author={L. Miao and B. Bai and W. Chen},
journal={IEEE Access},
title={4-DMWM Approach for Caching Based Optimal D2D Pairing and Channel Allocation: Centralized and Distributed Algorithm Design},
year={2016},
volume={4},
number={},
pages={9213-9224},
doi={10.1109/ACCESS.2016.2640270},
ISSN={2169-3536},
month={},}

@ARTICLE{7469370,  author={D. {Xenakis} and M. {Kountouris} and L. {Merakos} and N. {Passas} and C. {Verikoukis}},  journal={IEEE Transactions on Wireless Communications},   title={Performance Analysis of Network-Assisted D2D Discovery in Random Spatial Networks},   year={2016},  volume={15},  number={8},  pages={5695-5707},  
doi={10.1109/TWC.2016.2568172},  ISSN={1558-2248},  month={Aug},}






@article{honkala2020deeprx,
  title={DeepRx: Fully Convolutional Deep Learning Receiver},
  author={Honkala, M. and Korpi, D. and Huttunen, J. MJ.},
  journal={arXiv preprint arXiv:2005.01494},
  year={2020}
}

@INPROCEEDINGS{Pelekanou2018ML,
  author={A. {Pelekanou} and M. {Anastasopoulos} and A. {Tzanakaki} and D. {Simeonidou}},
  booktitle={2018 International Conference on Optical Network Design and Modeling (ONDM)}, 
  title={Provisioning of 5G services employing machine learning techniques}, 
  year={2018},
  volume={},
  number={},
  pages={200-205},}

@ARTICLE{Zaidi2016Waveform,
  author={A. A. {Zaidi} and R. {Baldemair} and H. {Tullberg} and H. {Bjorkegren} and L. {Sundstrom} and J. {Medbo} and C. {Kilinc} and I. {Da Silva}},
  journal={IEEE Communications Magazine}, 
  title={Waveform and Numerology to Support 5G Services and Requirements}, 
  year={2016},
  volume={54},
  number={11},
  pages={90-98},}
  
 @ARTICLE{Ankarali2017Flexible,
  author={Z. E. {Ankarali} and B. {Peköz} and H. {Arslan}},
  journal={IEEE Access}, 
  title={Flexible Radio Access Beyond 5G: A Future Projection on Waveform, Numerology, and Frame Design Principles}, 
  year={2017},
  volume={5},
  number={},
  pages={18295-18309},}

@INPROCEEDINGS{Akhtar2018Downlink,
  author={A. {Akhtar} and H. {Arslan}},
  booktitle={2018 IEEE Wireless Communications and Networking Conference Workshops (WCNCW)}, 
  title={Downlink resource allocation and packet scheduling in multi-numerology wireless systems}, 
  year={2018},
  volume={},
  number={},
  pages={362-367},}
 
 @INPROCEEDINGS{Kihero2018INI,
  author={A. B. {Kihero} and M. S. J. {Solaija} and A. {Yazar} and H. {Arslan}},
  booktitle={2018 IEEE Globecom Workshops (GC Wkshps)}, 
  title={Inter-Numerology Interference Analysis for 5G and Beyond}, 
  year={2018},
  volume={},
  number={},
  pages={1-6},}
  
 
 @INPROCEEDINGS{Demmer2018Analytical,
  author={D. {Demmer} and R. {Gerzaguet} and J. {Dore} and D. {Le Ruyet}},
  booktitle={2018 25th International Conference on Telecommunications (ICT)}, 
  title={Analytical study of 5G NR eMBB co-existence}, 
  year={2018},
  volume={},
  number={},
  pages={186-190},}
 
 @ARTICLE{Zhang2018INI,
  author={X. {Zhang} and L. {Zhang} and P. {Xiao} and D. {Ma} and J. {Wei} and Y. {Xin}},
  journal={IEEE Transactions on Vehicular Technology}, 
  title={Mixed Numerologies Interference Analysis and Inter-Numerology Interference Cancellation for Windowed OFDM Systems}, 
  year={2018},
  volume={67},
  number={8},
  pages={7047-7061},}

@INPROCEEDINGS{Marijanovic2018Optimal,
  author={L. {Marijanović} and S. {Schwarz} and M. {Rupp}},
  booktitle={2018 IEEE International Conference on Communication Systems (ICCS)}, 
  title={Optimal Resource Allocation with Flexible Numerology}, 
  year={2018},
  volume={},
  number={},
  pages={136-141},}
  
 @article{abusabah2018noma,
  title={NOMA for multinumerology OFDM systems},
  author={Abusabah, A. T. and Arslan, H.},
  journal={Wireless Communications and Mobile Computing},
  volume={2018},
  year={2018},
  publisher={Hindawi}
}

@article{yazar2018flexible,
  title={Flexible multi-numerology systems for 5G new radio},
  author={Yazar, A. and Arslan, H.},
  journal={Journal of Mobile Multimedia},
  pages={367--394},
  year={2018}
}

@ARTICLE{Nguyen2020Scheduling,
  author={T. T. {Nguyen} and V. N. {Ha} and L. B. {Le}},
  journal={IEEE Communications Letters}, 
  title={Wireless Scheduling for Heterogeneous Services With Mixed Numerology in 5G Wireless Networks}, 
  year={2020},
  volume={24},
  number={2},
  pages={410-413},}

@ARTICLE{Memisoglu2020Guard,
  author={E. {Memisoglu} and A. B. {Kihero} and E. {Basar} and H. {Arslan}},
  journal={IEEE Communications Letters}, 
  title={Guard Band Reduction for 5G and Beyond Multiple Numerologies}, 
  year={2020},
  volume={24},
  number={3},
  pages={644-647},}
  
  
  
  @misc{kelif2017meeting,
    title={Meeting Energy-Efficient and QoS Requirements of 5G Using D2D Communications},
    author={Kelif, J.M. and Diego, W.},
    year={2017},
    eprint={1712.06461},
    archivePrefix={arXiv},
    primaryClass={cs.IT}
}



@misc{zhang2017novel,
    title={Novel Device-to-Device Discovery Scheme based on Random Backoff in LTE-Advanced Networks},
    author={J. Zhang and L. Deng and X. Li and Y. Zhou and Y. Liang and Y. Liu},
    year={2017},
    eprint={1707.03576},
    archivePrefix={arXiv},
    primaryClass={cs.IT}
}


@article{Naslcheraghi_2017,
   title={A novel device-to-device discovery scheme for underlay cellular networks},
   ISBN={9781509059638},
   url={http://dx.doi.org/10.1109/IranianCEE.2017.7985409},
   DOI={10.1109/iraniancee.2017.7985409},
   journal={2017 Iranian Conference on Electrical Engineering (ICEE)},
   publisher={IEEE},
   author={Naslcheraghi, M. and Marandi, L. and Ghorashi, S. A.},
   year={2017},
   month={May}
}


@article{Gandotra_2016,
   title={Device-to-Device Communication in Cellular Networks: A Survey},
   volume={71},
   ISSN={1084-8045},
   url={http://dx.doi.org/10.1016/j.jnca.2016.06.004},
   DOI={10.1016/j.jnca.2016.06.004},
   journal={Journal of Network and Computer Applications},
   publisher={Elsevier BV},
   author={Gandotra, P. and Jha, R. K.},
   year={2016},
   month={Aug},
   pages={99–117}
}

@misc{pratas2015networkassisted,
    title={Network-Assisted Device-to-Device (D2D) Direct Proximity Discovery with Underlay Communication},
    author={N. K. Pratas and P. Popovski},
    year={2015},
    eprint={1508.03186},
    archivePrefix={arXiv},
    primaryClass={cs.IT}
}

@misc{liu2015seeing,
    title={Seeing the Unobservable: Channel Learning for Wireless Communication Networks},
    author={J. Liu and R. Deng and S. Zhou and Z. Niu},
    year={2015},
    eprint={1508.01899},
    archivePrefix={arXiv},
    primaryClass={cs.IT}
}

@article{Gunes_2014,
   title={Hybrid Model for LTE Network-Assisted D2D Communications},
   ISBN={9783319074252},
   ISSN={1611-3349},
   DOI={10.1007/978-3-319-07425-2_8},
   journal={Lecture Notes in Computer Science},
   publisher={Springer International Publishing},
   author={Gunes, T. T. and Kwong U, S. T. and Afifi, H.},
   year={2014},
   pages={100–113}
}

@article{Casetti_2018,
   title={Data Connectivity and Smart Group Formation in Wi-Fi Direct Multi-Group Networks},
   volume={15},
   ISSN={1932-4537},
   url={http://dx.doi.org/10.1109/TNSM.2017.2766124},
   DOI={10.1109/tnsm.2017.2766124},
   number={1},
   journal={IEEE Transactions on Network and Service Management},
   publisher={Institute of Electrical and Electronics Engineers (IEEE)},
   author={Casetti, C. E. and Chiasserini, C. F. and Duan, Y. and Giaccone, P. and Perez Manriquez, A.},
   year={2018},
   month={Mar},
   pages={245–259}
}


@ARTICLE{Prasad2014,  author={A. {Prasad} and A. {Kunz} and G. {Velev} and K. {Samdanis} and J. {Song}},  journal={IEEE Vehicular Technology Magazine},   title={Energy-Efficient D2D Discovery for Proximity Services in 3GPP LTE-Advanced Networks: ProSe Discovery Mechanisms},   year={2014},  volume={9},  number={4},  pages={40-50},}


@INPROCEEDINGS{Thanos_2013,  author={A. {Thanos} and S. {Shalmashi} and G. {Miao}},  booktitle={2013 IEEE Globecom Workshops},   title={Network-assisted discovery for device-to-device communications},   year={2013},  volume={},  number={},  pages={660-664},}


@INPROCEEDINGS{Hong_2013,  author={J. {Hong} and S. {Park} and H. {Kim} and S. {Choi} and K. B. {Lee}},  booktitle={2013 IEEE 24th Annual International Symposium on Personal, Indoor, and Mobile Radio Communications (PIMRC)},   title={Analysis of Device-to-Device discovery and link setup in LTE networks},   year={2013},  volume={},  number={},  pages={2856-2860},}

@article{chen2017high,
  title={High-throughput opportunistic cooperative device-to-device communications with caching},
  author={Chen, B. and Yang, C. and Wang, G.},
  journal={IEEE transactions on vehicular technology},
  volume={66},
  number={8},
  pages={7527--7539},
  year={2017},
  publisher={IEEE}
}

@ARTICLE{LinCaching2020,
  author={Y. {Lin} and Z. {Lin} and P. {Chen} and Z. {Chen} and L. {Wu}},
  journal={IEEE Access}, 
  title={On Consideration of Content and Memory Sizes in 5G D2D-Assisted Caching Networks}, 
  year={2020},
  volume={8},
  number={},
  pages={52759-52773},
  doi={10.1109/ACCESS.2020.2964495}}
  
@ARTICLE{ZhaoCaching2018,
  author={N. {Zhao} and X. {Liu} and Y. {Chen} and S. {Zhang} and Z. {Li} and B. {Chen} and M. {Alouini}},
  journal={IEEE Transactions on Vehicular Technology}, 
  title={Caching D2D Connections in Small-Cell Networks}, 
  year={2018},
  volume={67},
  number={12},
  pages={12326-12338},
  doi={10.1109/TVT.2018.2877645}}
  
  
  @ARTICLE{ChenCaching2017,
  author={Z. {Chen} and N. {Pappas} and M. {Kountouris}},
  journal={IEEE Communications Letters}, 
  title={Probabilistic Caching in Wireless D2D Networks: Cache Hit Optimal Versus Throughput Optimal}, 
  year={2017},
  volume={21},
  number={3},
  pages={584-587},
  doi={10.1109/LCOMM.2016.2628032}}
  
 


@inproceedings{yaacoub2013achieving,
  title={Achieving energy efficiency in LTE with joint D2D communications and green networking techniques},
  author={Yaacoub, E. and Ghazzai, H. and Alouini, M.S. and Abu-Dayya, A.},
  booktitle={2013 9th international wireless communications and mobile computing conference (IWCMC)},
  pages={270--275},
  year={2013},
  organization={IEEE}
}

@inproceedings{doumiati2017framework,
  title={A framework for clustering LTE devices for implementing group D2D communication and multicast capability},
  author={Doumiati, S. and Artail, H. and Kabalan, K.},
  booktitle={2017 8th International Conference on Information and Communication Systems (ICICS)},
  pages={216--221},
  year={2017},
  organization={IEEE}
}



@article{zhang2017peer,
  title={Peer discovery for D2D communications based on social attribute and service attribute},
  author={Zhang, Z. and Wang, L. and Liu, D. and Zhang, Y.},
  journal={Journal of Network and Computer Applications},
  volume={86},
  pages={82--91},
  year={2017},
  publisher={Elsevier}
}


@article{swain2020novel,
  title={A novel collision aware network assisted device discovery scheme empowering massive D2D communications in 3GPP LTE-A networks},
  author={Swain, S. N. and Murthy, C. S. R.},
  journal={Computer Networks},
  volume={169},
  pages={107071},
  year={2020},
  publisher={Elsevier}
}


@inproceedings{toukabri2014cellular,
  title={Cellular Vehicular Networks (CVN): ProSe-based ITS in advanced 4G networks},
  author={Toukabri, T. and Said, A. M. and Abd-Elrahman, E. and Afifi, H.},
  booktitle={2014 IEEE 11th International Conference on Mobile Ad Hoc and Sensor Systems},
  pages={527--528},
  year={2014},
  organization={IEEE}
}


@inproceedings{condoluci2015lte,
  title={LTE-direct vs. WiFi-direct for machine-type communications over LTE-A systems},
  author={Condoluci, M. and Militano, L. and Orsino, A. and Alonso-Zarate, J. and Araniti, G.},
  booktitle={2015 IEEE 26th Annual International Symposium on Personal, Indoor, and Mobile Radio Communications (PIMRC)},
  pages={2298--2302},
  year={2015},
  organization={IEEE}
}
  
  @book{5GBookAfif,
author = {Osseiran, A. and Monserrat, J.F. and Marsch, P. and Queseth, O. and Tullberg, H. and Fallgren, M. and Kusume, K. and Höglund, A. and Droste, H. and Silva, I. and Rost, P. and Boldi, M. and Sachs, J. and Popovski, P. and Gozalvez-Serrano, D. and Fertl, P. and Li, Z. and Sanchez Moya, F. and Fodor, G. and Lianghai, J.},
year = {2016},
month = {06},
pages = {},
title = {5G Mobile and Wireless Communications Technology},
isbn = {9781107130098},
journal = {5G Mobile and Wireless Communications Technology},
}

@techreport{3gpp.23.303,
 author = {3GPP},
 institution = {{3rd Generation Partnership Project (3GPP)}},
 month = {09},
 note = {Version 12.2.0},
 number = {23.303},
 title = {{Universal Mobile Telecommunications System (UMTS); LTE; Proximity-based services (ProSe);}},
 type = {Technical Specification (TS)},
 url = {https://www.etsi.org/deliver/etsi_ts/123300_123399/123303/12.02.00_60/ts_123303v120200p.pdf}, year = {2014}
}


@INPROCEEDINGS{LiDiscovery2018,  author={M. {Li} and H. {Tsai}},  booktitle={2018 Tenth International Conference on Ubiquitous and Future Networks (ICUFN)},   title={Design and Evaluation of a Hybrid D2D Discovery Mechanism in 5G Cellular Networks},   year={2018},  volume={},  number={},  pages={641-643},  doi={10.1109/ICUFN.2018.8436771}}


@INPROCEEDINGS{NuradhaCaching2019,
  author={T. {Nuradha} and T. {Samarasinghe} and K. T. {Hemachandra}},
  booktitle={2019 22nd International Symposium on Wireless Personal Multimedia Communications (WPMC)}, 
  title={A Novel Content Caching and Delivery Scheme for Millimeter Wave Device-to-Device Communications}, 
  year={2019},
  volume={},
  number={},
  pages={1-6},
  doi={10.1109/WPMC48795.2019.9096087}}
  
  @INPROCEEDINGS{LeeCaching2017,
  author={M. {Lee} and A. F. {Molisch}},
  booktitle={GLOBECOM 2017 - 2017 IEEE Global Communications Conference}, 
  title={Individual Preference Aware Caching Policy Design for Energy-Efficient Wireless D2D Communications}, 
  year={2017},
  volume={},
  number={},
  pages={1-7},
  doi={10.1109/GLOCOM.2017.8254837}}
  
  @INPROCEEDINGS{ParkDiscovery2017,
  author={K. {Park} and  {Young-Bin Chang} and  {Dong-Woo Kim} and  {Jong-Han Kim} and  {Woon-Haing Hur}},
  booktitle={2017 IEEE 22nd International Workshop on Computer Aided Modeling and Design of Communication Links and Networks (CAMAD)}, 
  title={Opportunistic discovery scheme for device-to-device communication}, 
  year={2017},
  volume={},
  number={},
  pages={1-5},
  doi={10.1109/CAMAD.2017.8031635}}
  
@INPROCEEDINGS{YangDiscovery2019,
  author={S. {Yang} and C. {Shih} and P. {Lin}},
  booktitle={2019 IEEE Global Communications Conference (GLOBECOM)}, 
  title={Multi-Access Edge Computing-Assisted D2D Streaming for Proximity-Based Social Networking}, 
  year={2019},
  volume={},
  number={},
  pages={1-6},
  keywords={Device-to-device communication;Servers;Wireless fidelity;Quality of experience;Social network services;Internet;Registers},
  doi={10.1109/GLOBECOM38437.2019.9014163},
  ISSN={2576-6813},
  month={Dec},}
  
  @ARTICLE{AnjumCache2019,
  author={N. {Anjum} and Z. {Yang} and H. {Saki} and M. {Kiran} and M. {Shikh-Bahaei}},
  journal={IEEE Access}, 
  title={Device-to-Device (D2D) Communication as a Bootstrapping System in a Wireless Cellular Network}, 
  year={2019},
  volume={7},
  number={},
  pages={6661-6678},
  doi={10.1109/ACCESS.2019.2890987}}
  
  
  
@ARTICLE{Zhu2016Incentive,  author={K. {Zhu} and W. {Zhi} and L. {Zhang} and X. {Chen} and X. {Fu}},  journal={IEEE Access},   title={Social-Aware Incentivized Caching for D2D Communications},   year={2016},  volume={4},  number={},  pages={7585-7593},  doi={10.1109/ACCESS.2016.2618940}}
  
@article{Soleimani2018Caching,
author = {Soleimani, S. and Tao, X.},
year = {2018},
month = {09},
pages = {1-9},
title = {Caching and Placement for In-Network Caching in Device-to-Device Communications},
volume = {2018},
journal = {Wireless Communications and Mobile Computing},
doi = {10.1155/2018/9539502}
}

@article{feng2018resource,
  title={Resource allocation for 5G D2D multicast content sharing in social-aware cellular networks},
  author={Feng, Lei and Zhao, Pan and Zhou, Fanqin and Yin, Mengjun and Yu, Peng and Li, Wenjing and Qiu, Xuesong},
  journal={IEEE Communications Magazine},
  volume={56},
  number={3},
  pages={112--118},
  year={2018},
  publisher={IEEE}
} 

@inproceedings{gupta2018cluster,
  title={Cluster-based D2D architecture for safety services in vehicular ad hoc networks},
  author={Gupta, S. K. and Khan, J. Y. and Ngo, D. T.},
  booktitle={2018 IEEE Wireless Communications and Networking Conference Workshops (WCNCW)},
  pages={43--48},
  year={2018},
  organization={IEEE}
} 

@article{yang2018social,
  title={Social-energy-aware user clustering for content sharing based on D2D multicast communications},
  author={Yang, L. and Wu, D. and Xu, S. and Zhang, G. and Cai, Y.},
  journal={IEEE Access},
  volume={6},
  pages={36092--36104},
  year={2018},
  publisher={IEEE}
} 

@article{gharbieh2018self,
  title={Self-organized scheduling request for uplink 5G networks: A D2D clustering approach},
  author={Gharbieh, M. and Bader, A. and ElSawy, H. and Yang, H.C. and Alouini, M.S. and Adinoyi, A.},
  journal={IEEE Transactions on Communications},
  volume={67},
  number={2},
  pages={1197--1209},
  year={2018},
  publisher={IEEE}
}


@INPROCEEDINGS{Xu2018Discovery,  author={T. {Xu} and J. {Jiao} and X. {Chen} and Y. {Chen}},  booktitle={2018 27th International Conference on Computer Communication and Networks (ICCCN)},   title={Social-Aware D2D Caching Content Deployment Strategy over Edge Computing Wireless Networks},   year={2018},  volume={},  number={},  pages={1-6},  doi={10.1109/ICCCN.2018.8487439}}

@ARTICLE{Chen2019Discovery,  author={Y. {Chen} and L. {Wang} and R. {Ma} and B. {Jiao} and L. {Hanzo}},  journal={IEEE Access},   title={Cooperative Full Duplex Content Sensing and Delivery Improves the Offloading Probability of D2D Caching},   year={2019},  volume={7},  number={},  pages={29076-29084},  doi={10.1109/ACCESS.2019.2896700}}


@ARTICLE{Waqas2020Mobility,
  author={M. {Waqas} and Y. {Niu} and Y. {Li} and M. {Ahmed} and D. {Jin} and S. {Chen} and Z. {Han}},
  journal={IEEE Communications Surveys   Tutorials}, 
  title={A Comprehensive Survey on Mobility-Aware D2D Communications: Principles, Practice and Challenges}, 
  year={2020},
  volume={22},
  number={3},
  pages={1863-1886},
  doi={10.1109/COMST.2019.2923708}}
  
  
@article{Kazez2019Clustering,
title = "Clustering-based device-to-device cache placement",
journal = "Ad Hoc Networks",
volume = "84",
pages = "170 - 177",
year = "2019",
issn = "1570-8705",
doi = "https://doi.org/10.1016/j.adhoc.2018.10.008",
author = "Kazez, A. C. and Girici, T.",
keywords = "Caching, Wireless, D2D, Clustering, Integer programming",
}


@ARTICLE{Hayat2019Discovery,
  author={O. {Hayat} and R. {Ngah} and S. Z. {Mohd Hashim} and M. H. {Dahri} and R. {Firsandaya Malik} and Y. {Rahayu}},
  journal={IEEE Access}, 
  title={Device Discovery in D2D Communication: A Survey}, 
  year={2019},
  volume={7},
  number={},
  pages={131114-131134},
  doi={10.1109/ACCESS.2019.2941138}}